Copy the shit out of the ones already here and use \cite{...} where ... is the first parameter (i.e. eeds-compendium).

@misc{diagraphs,
        title           =   "Substitution Ciphers, March 11, 2004",
        institution     =   "Cornell University",
        howpublished    =   "\url{http://www.math.cornell.edu/~mec/2003-2004/cryptography/subs/digraphs.html}"
}

@misc{frequencies,
        title           =   "What is the frequency of letters of the alphabet in English?",
        institution     =   "Oxford Dictionaries",
        howpublished    =   "\url{http://www.oxforddictionaries.com/words/what-is-the-frequency-of-the-letters-of-the-alphabet-in-english}"
}
